@inproceedings{Isola2011,
   author="Phillip Isola and Jianxiong Xiao and Antonio Torralba and Aude Oliva", 
   title="What makes an image memorable?", 
   booktitle="IEEE Conference on Computer Vision and Pattern Recognition (CVPR)", 
   year="2011",
   pages="145-152"
}

@book{distinctiveness,
  title={Distinctiveness and memory},
  author={Hunt, R Reed and Worthen, James B},
  year={2006},
  publisher={Oxford University Press}
}

@article{mem_post,
  title={What makes a picture memorable},
  author={Oliva, Aude and Isola, Phillip and Khosla, Aditya and Bainbridge, Wilma A},
  journal={SPIE Newsroom},
  year={2013}
}

@article{libsvm,
  title={LIBSVM: a library for support vector machines},
  author={Chang, Chih-Chung and Lin, Chih-Jen},
  journal={ACM transactions on intelligent systems and technology (TIST)},
  volume={2},
  number={3},
  pages={27},
  year={2011},
  publisher={Acm}
}

@misc{labelme,
  title = {``LabelMe''},
  howpublished = {\url{https://labelme.csail.mit.edu/}},
  note = {Accessed: 2018-12-04}
}

@article{gist,
  title={Modeling the shape of the scene: A holistic representation of the spatial envelope},
  author={Oliva, Aude and Torralba, Antonio},
  journal={International journal of computer vision},
  volume={42},
  number={3},
  pages={145--175},
  year={2001},
  publisher={Springer}
}

@inproceedings{sift,
  title={Beyond bags of features: Spatial pyramid matching for recognizing natural scene categories},
  author={Lazebnik, Svetlana and Schmid, Cordelia and Ponce, Jean},
  booktitle={null},
  pages={2169--2178},
  year={2006},
  organization={IEEE}
}

@article{hog,
  title={Object detection with discriminatively trained part-based models},
  author={Felzenszwalb, Pedro F and Girshick, Ross B and McAllester, David and Ramanan, Deva},
  journal={IEEE transactions on pattern analysis and machine intelligence},
  volume={32},
  number={9},
  pages={1627--1645},
  year={2010},
  publisher={IEEE}
}

@inproceedings{ssim,
  title={Matching local self-similarities across images and videos},
  author={Shechtman, Eli and Irani, Michal},
  booktitle={Computer Vision and Pattern Recognition, 2007. CVPR'07. IEEE Conference on},
  pages={1--8},
  year={2007},
  organization={IEEE}
}

@inproceedings{surf,
  title={Surf: Speeded up robust features},
  author={Bay, Herbert and Tuytelaars, Tinne and Van Gool, Luc},
  booktitle={European conference on computer vision},
  pages={404--417},
  year={2006},
  organization={Springer}
}

@inproceedings{orb,
  title={ORB: An efficient alternative to SIFT or SURF},
  author={Rublee, Ethan and Rabaud, Vincent and Konolige, Kurt and Bradski, Gary},
  booktitle={Computer Vision (ICCV), 2011 IEEE international conference on},
  pages={2564--2571},
  year={2011},
  organization={IEEE}
}

@inproceedings{brisk,
  title={BRISK: Binary robust invariant scalable keypoints},
  author={Leutenegger, Stefan and Chli, Margarita and Siegwart, Roland Y},
  booktitle={Computer Vision (ICCV), 2011 IEEE International Conference on},
  pages={2548--2555},
  year={2011},
  organization={IEEE}
}

@inproceedings{lear_gist,
  title={Evaluation of gist descriptors for web-scale image search},
  author={Douze, Matthijs and J{\'e}gou, Herv{\'e} and Sandhawalia, Harsimrat and Amsaleg, Laurent and Schmid, Cordelia},
  booktitle={Proceedings of the ACM International Conference on Image and Video Retrieval},
  pages={19},
  year={2009},
  organization={ACM}
}

@misc{tuttieee,
  title = {``Python wrapper for Lear's GIST implementation''},
  howpublished = {\url{https://github.com/tuttieee/lear-gist-python}},
  note = {Accessed: 2018-12-05}
}
